%YAML 1.1
%TAG !u! tag:unity3d.com,2011:
--- !u!1 &120234824136658338
GameObject:
  m_ObjectHideFlags: 0
  m_CorrespondingSourceObject: {fileID: 0}
  m_PrefabInstance: {fileID: 0}
  m_PrefabAsset: {fileID: 0}
  serializedVersion: 6
  m_Component:
  - component: {fileID: 9025317569937095379}
  - component: {fileID: 2703736247317868997}
  - component: {fileID: 4931824766150640001}
  m_Layer: 0
  m_Name: HeavyKill
  m_TagString: BsmithDamageExtra
  m_Icon: {fileID: 0}
  m_NavMeshLayer: 0
  m_StaticEditorFlags: 0
  m_IsActive: 1
--- !u!4 &9025317569937095379
Transform:
  m_ObjectHideFlags: 0
  m_CorrespondingSourceObject: {fileID: 0}
  m_PrefabInstance: {fileID: 0}
  m_PrefabAsset: {fileID: 0}
  m_GameObject: {fileID: 120234824136658338}
  m_LocalRotation: {x: 0.0050517083, y: 0.70721525, z: 0.000000005122274, w: 0.7069802}
  m_LocalPosition: {x: 0, y: 0, z: 0}
  m_LocalScale: {x: 2.8869, y: 2.8869, z: 2.8869}
  m_Children: []
  m_Father: {fileID: 4597772524512111277}
  m_RootOrder: 3
  m_LocalEulerAnglesHint: {x: 0.409, y: 90.020004, z: 0.409}
--- !u!135 &2703736247317868997
SphereCollider:
  m_ObjectHideFlags: 0
  m_CorrespondingSourceObject: {fileID: 0}
  m_PrefabInstance: {fileID: 0}
  m_PrefabAsset: {fileID: 0}
  m_GameObject: {fileID: 120234824136658338}
  m_Material: {fileID: 0}
  m_IsTrigger: 0
  m_Enabled: 1
  serializedVersion: 2
  m_Radius: 0.045226924
  m_Center: {x: 0, y: 0, z: 0.0026349127}
--- !u!54 &4931824766150640001
Rigidbody:
  m_ObjectHideFlags: 0
  m_CorrespondingSourceObject: {fileID: 0}
  m_PrefabInstance: {fileID: 0}
  m_PrefabAsset: {fileID: 0}
  m_GameObject: {fileID: 120234824136658338}
  serializedVersion: 2
  m_Mass: 1
  m_Drag: 0
  m_AngularDrag: 0.05
  m_UseGravity: 1
  m_IsKinematic: 1
  m_Interpolate: 0
  m_Constraints: 0
  m_CollisionDetection: 0
--- !u!1 &8902845568118139959
GameObject:
  m_ObjectHideFlags: 0
  m_CorrespondingSourceObject: {fileID: 0}
  m_PrefabInstance: {fileID: 0}
  m_PrefabAsset: {fileID: 0}
  serializedVersion: 6
  m_Component:
  - component: {fileID: 3331320657421746610}
  - component: {fileID: 8323070502255186133}
  - component: {fileID: 4678365480066661347}
  m_Layer: 0
  m_Name: PlayerAttackCollider
  m_TagString: PlayerAttack
  m_Icon: {fileID: 0}
  m_NavMeshLayer: 0
  m_StaticEditorFlags: 0
  m_IsActive: 1
--- !u!4 &3331320657421746610
Transform:
  m_ObjectHideFlags: 0
  m_CorrespondingSourceObject: {fileID: 0}
  m_PrefabInstance: {fileID: 0}
  m_PrefabAsset: {fileID: 0}
  m_GameObject: {fileID: 8902845568118139959}
  m_LocalRotation: {x: 0.0050517083, y: 0.70721525, z: 0.000000005122274, w: 0.7069802}
  m_LocalPosition: {x: 0, y: 0, z: 0}
  m_LocalScale: {x: 2.8869, y: 2.8869, z: 2.8869}
  m_Children: []
  m_Father: {fileID: 4597772524512111277}
  m_RootOrder: 2
  m_LocalEulerAnglesHint: {x: 0.409, y: 90.020004, z: 0.409}
--- !u!135 &8323070502255186133
SphereCollider:
  m_ObjectHideFlags: 0
  m_CorrespondingSourceObject: {fileID: 0}
  m_PrefabInstance: {fileID: 0}
  m_PrefabAsset: {fileID: 0}
  m_GameObject: {fileID: 8902845568118139959}
  m_Material: {fileID: 0}
  m_IsTrigger: 0
  m_Enabled: 1
  serializedVersion: 2
  m_Radius: 0.045226924
  m_Center: {x: 0, y: 0, z: 0.0026349127}
--- !u!54 &4678365480066661347
Rigidbody:
  m_ObjectHideFlags: 0
  m_CorrespondingSourceObject: {fileID: 0}
  m_PrefabInstance: {fileID: 0}
  m_PrefabAsset: {fileID: 0}
  m_GameObject: {fileID: 8902845568118139959}
  serializedVersion: 2
  m_Mass: 1
  m_Drag: 0
  m_AngularDrag: 0.05
  m_UseGravity: 1
  m_IsKinematic: 1
  m_Interpolate: 0
  m_Constraints: 0
  m_CollisionDetection: 0
--- !u!1 &8978267538748826958
GameObject:
  m_ObjectHideFlags: 0
  m_CorrespondingSourceObject: {fileID: 0}
  m_PrefabInstance: {fileID: 0}
  m_PrefabAsset: {fileID: 0}
  serializedVersion: 6
  m_Component:
  - component: {fileID: 2672340394347366967}
  - component: {fileID: 2385387489495951664}
  - component: {fileID: 2227357958208506523}
  m_Layer: 0
  m_Name: BlackSmithDamageAttackCollider
  m_TagString: BlackSmithDamageAttack
  m_Icon: {fileID: 0}
  m_NavMeshLayer: 0
  m_StaticEditorFlags: 0
  m_IsActive: 1
--- !u!4 &2672340394347366967
Transform:
  m_ObjectHideFlags: 0
  m_CorrespondingSourceObject: {fileID: 0}
  m_PrefabInstance: {fileID: 0}
  m_PrefabAsset: {fileID: 0}
  m_GameObject: {fileID: 8978267538748826958}
  m_LocalRotation: {x: 0.0050517083, y: 0.70721525, z: 0.000000005122274, w: 0.7069802}
  m_LocalPosition: {x: 0, y: 0, z: 0}
  m_LocalScale: {x: 2.8869, y: 2.8869, z: 2.8869}
  m_Children: []
  m_Father: {fileID: 4597772524512111277}
  m_RootOrder: 1
  m_LocalEulerAnglesHint: {x: 0.409, y: 90.020004, z: 0.409}
--- !u!135 &2385387489495951664
SphereCollider:
  m_ObjectHideFlags: 0
  m_CorrespondingSourceObject: {fileID: 0}
  m_PrefabInstance: {fileID: 0}
  m_PrefabAsset: {fileID: 0}
  m_GameObject: {fileID: 8978267538748826958}
  m_Material: {fileID: 0}
  m_IsTrigger: 0
  m_Enabled: 1
  serializedVersion: 2
  m_Radius: 0.04572878
  m_Center: {x: 0, y: 0, z: 0.0021234304}
--- !u!54 &2227357958208506523
Rigidbody:
  m_ObjectHideFlags: 0
  m_CorrespondingSourceObject: {fileID: 0}
  m_PrefabInstance: {fileID: 0}
  m_PrefabAsset: {fileID: 0}
  m_GameObject: {fileID: 8978267538748826958}
  serializedVersion: 2
  m_Mass: 1
  m_Drag: 0
  m_AngularDrag: 0.05
  m_UseGravity: 1
  m_IsKinematic: 1
  m_Interpolate: 0
  m_Constraints: 0
  m_CollisionDetection: 0
--- !u!1 &9070199791189533348
GameObject:
  m_ObjectHideFlags: 0
  m_CorrespondingSourceObject: {fileID: 0}
  m_PrefabInstance: {fileID: 0}
  m_PrefabAsset: {fileID: 0}
  serializedVersion: 6
  m_Component:
  - component: {fileID: 4597772524512111277}
  - component: {fileID: 8711328982945333946}
  - component: {fileID: 6320782911074700582}
  - component: {fileID: -6288216850582666190}
  - component: {fileID: 6690082863725570663}
  - component: {fileID: 3301128051808708319}
  m_Layer: 0
  m_Name: Arrow 1
  m_TagString: Arrow
  m_Icon: {fileID: 0}
  m_NavMeshLayer: 0
  m_StaticEditorFlags: 0
  m_IsActive: 1
--- !u!4 &4597772524512111277
Transform:
  m_ObjectHideFlags: 0
  m_CorrespondingSourceObject: {fileID: 0}
  m_PrefabInstance: {fileID: 0}
  m_PrefabAsset: {fileID: 0}
  m_GameObject: {fileID: 9070199791189533348}
  m_LocalRotation: {x: -0, y: -0, z: 0.0035714784, w: 0.9999936}
  m_LocalPosition: {x: 0, y: 0, z: 0}
  m_LocalScale: {x: 1, y: 1, z: 1}
  m_Children:
  - {fileID: 4128877048029740890}
  - {fileID: 2672340394347366967}
  - {fileID: 3331320657421746610}
  - {fileID: 9025317569937095379}
  m_Father: {fileID: 0}
  m_RootOrder: 0
  m_LocalEulerAnglesHint: {x: 0, y: 0, z: 0.409}
--- !u!114 &8711328982945333946
MonoBehaviour:
  m_ObjectHideFlags: 0
  m_CorrespondingSourceObject: {fileID: 0}
  m_PrefabInstance: {fileID: 0}
  m_PrefabAsset: {fileID: 0}
  m_GameObject: {fileID: 9070199791189533348}
  m_Enabled: 1
  m_EditorHideFlags: 0
  m_Script: {fileID: 11500000, guid: 99a3e3e7e9cd1b24d870e8199d134a86, type: 3}
  m_Name: 
  m_EditorClassIdentifier: 
  movementSpeed: 10
--- !u!114 &6320782911074700582
MonoBehaviour:
  m_ObjectHideFlags: 0
  m_CorrespondingSourceObject: {fileID: 0}
  m_PrefabInstance: {fileID: 0}
  m_PrefabAsset: {fileID: 0}
  m_GameObject: {fileID: 9070199791189533348}
  m_Enabled: 1
  m_EditorHideFlags: 0
  m_Script: {fileID: 1384774831, guid: e743331561ef77147ae48cda9bcb8209, type: 3}
  m_Name: 
  m_EditorClassIdentifier: 
  fsm:
    dataVersion: 2
    usedInTemplate: {fileID: 0}
    name: ArrowDestroyByShield
    startState: Trigger
    states:
    - name: Trigger
      description: 
      colorIndex: 0
      position:
        serializedVersion: 2
        x: 150
        y: 200
        width: 100
        height: 32
      isBreakpoint: 0
      isSequence: 0
      hideUnused: 0
      transitions:
      - fsmEvent:
          name: FINISHED
          isSystemEvent: 1
          isGlobal: 0
        toState: Destroy
        linkStyle: 0
        linkConstraint: 0
        colorIndex: 0
      actionData:
        actionNames:
        - HutongGames.PlayMaker.Actions.TriggerEvent
        customNames:
        - 
        actionEnabled: 01
        actionIsOpen: 01
        actionStartIndex: 00000000
        actionHashCodes: 9c512400
        unityObjectParams: []
        fsmGameObjectParams:
        - useVariable: 1
          name: 
          tooltip: 
          showInInspector: 0
          networkSync: 0
          value: {fileID: 0}
        fsmOwnerDefaultParams:
        - ownerOption: 0
          gameObject:
            useVariable: 0
            name: 
            tooltip: 
            showInInspector: 0
            networkSync: 0
            value: {fileID: 0}
        animationCurveParams: []
        functionCallParams: []
        fsmTemplateControlParams: []
        fsmEventTargetParams: []
        fsmPropertyParams: []
        layoutOptionParams: []
        fsmStringParams:
        - useVariable: 0
          name: 
          tooltip: 
          showInInspector: 0
          networkSync: 0
          value: Shield
        fsmObjectParams: []
        fsmVarParams: []
        fsmArrayParams: []
        fsmEnumParams: []
        fsmFloatParams: []
        fsmIntParams: []
        fsmBoolParams: []
        fsmVector2Params: []
        fsmVector3Params: []
        fsmColorParams: []
        fsmRectParams: []
        fsmQuaternionParams: []
        stringParams:
        - FINISHED
        byteData: 00000000
        arrayParamSizes: 
        arrayParamTypes: []
        customTypeSizes: 
        customTypeNames: []
        paramDataType: 1400000007000000120000001700000013000000
        paramName:
        - gameObject
        - trigger
        - collideTag
        - sendEvent
        - storeCollider
        paramDataPos: 0000000000000000000000000000000000000000
        paramByteDataSize: 0000000004000000000000000000000000000000
    - name: Destroy
      description: 
      colorIndex: 0
      position:
        serializedVersion: 2
        x: 459
        y: 236
        width: 100
        height: 16
      isBreakpoint: 0
      isSequence: 0
      hideUnused: 0
      transitions: []
      actionData:
        actionNames:
        - HutongGames.PlayMaker.Actions.DestroySelf
        customNames:
        - 
        actionEnabled: 01
        actionIsOpen: 01
        actionStartIndex: 00000000
        actionHashCodes: 62f95203
        unityObjectParams: []
        fsmGameObjectParams: []
        fsmOwnerDefaultParams: []
        animationCurveParams: []
        functionCallParams: []
        fsmTemplateControlParams: []
        fsmEventTargetParams: []
        fsmPropertyParams: []
        layoutOptionParams: []
        fsmStringParams: []
        fsmObjectParams: []
        fsmVarParams: []
        fsmArrayParams: []
        fsmEnumParams: []
        fsmFloatParams: []
        fsmIntParams: []
        fsmBoolParams:
        - useVariable: 0
          name: 
          tooltip: 
          showInInspector: 0
          networkSync: 0
          value: 0
        fsmVector2Params: []
        fsmVector3Params: []
        fsmColorParams: []
        fsmRectParams: []
        fsmQuaternionParams: []
        stringParams: []
        byteData: 
        arrayParamSizes: 
        arrayParamTypes: []
        customTypeSizes: 
        customTypeNames: []
        paramDataType: 11000000
        paramName:
        - detachChildren
        paramDataPos: 00000000
        paramByteDataSize: 00000000
    events:
    - name: FINISHED
      isSystemEvent: 1
      isGlobal: 0
    globalTransitions: []
    variables:
      floatVariables: []
      intVariables: []
      boolVariables: []
      stringVariables: []
      vector2Variables: []
      vector3Variables: []
      colorVariables: []
      rectVariables: []
      quaternionVariables: []
      gameObjectVariables: []
      objectVariables: []
      materialVariables: []
      textureVariables: []
      arrayVariables: []
      enumVariables: []
      categories:
      - 
      variableCategoryIDs: 
    description: 
    docUrl: 
    showStateLabel: 0
    maxLoopCount: 0
    watermark: 
    password: 
    locked: 0
    manualUpdate: 0
    keepDelayedEventsOnStateExit: 0
    preprocessed: 1
    ExposedEvents: []
    RestartOnEnable: 1
    EnableDebugFlow: 0
    EnableBreakpoints: 1
    editorFlags: 1
    activeStateName: 
    mouseEvents: 0
    handleLevelLoaded: 0
    handleTriggerEnter2D: 0
    handleTriggerExit2D: 0
    handleTriggerStay2D: 0
    handleCollisionEnter2D: 0
    handleCollisionExit2D: 0
    handleCollisionStay2D: 0
    handleTriggerEnter: 1
    handleTriggerExit: 0
    handleTriggerStay: 0
    handleCollisionEnter: 0
    handleCollisionExit: 0
    handleCollisionStay: 0
    handleParticleCollision: 0
    handleControllerColliderHit: 0
    handleJointBreak: 0
    handleJointBreak2D: 0
    handleOnGUI: 0
    handleFixedUpdate: 0
    handleLateUpdate: 0
    handleApplicationEvents: 0
    handleUiEvents: 0
    handleLegacyNetworking: 0
    handleAnimatorMove: 0
    handleAnimatorIK: 0
  fsmTemplate: {fileID: 0}
  eventHandlerComponentsAdded: 0
--- !u!65 &-6288216850582666190
BoxCollider:
  m_ObjectHideFlags: 0
  m_CorrespondingSourceObject: {fileID: 0}
  m_PrefabInstance: {fileID: 0}
  m_PrefabAsset: {fileID: 0}
  m_GameObject: {fileID: 9070199791189533348}
  m_Material: {fileID: 0}
  m_IsTrigger: 0
  m_Enabled: 1
  serializedVersion: 2
  m_Size: {x: 0.17063889, y: 0.07772684, z: 0.9085547}
  m_Center: {x: -0.0051791407, y: -0.0032918453, z: -0.44588512}
--- !u!54 &6690082863725570663
Rigidbody:
  m_ObjectHideFlags: 0
  m_CorrespondingSourceObject: {fileID: 0}
  m_PrefabInstance: {fileID: 0}
  m_PrefabAsset: {fileID: 0}
  m_GameObject: {fileID: 9070199791189533348}
  serializedVersion: 2
  m_Mass: 1
  m_Drag: 0
  m_AngularDrag: 0.05
  m_UseGravity: 1
  m_IsKinematic: 1
  m_Interpolate: 0
  m_Constraints: 0
  m_CollisionDetection: 0
--- !u!114 &3301128051808708319
MonoBehaviour:
  m_ObjectHideFlags: 0
  m_CorrespondingSourceObject: {fileID: 0}
  m_PrefabInstance: {fileID: 0}
  m_PrefabAsset: {fileID: 0}
  m_GameObject: {fileID: 9070199791189533348}
  m_Enabled: 1
  m_EditorHideFlags: 0
  m_Script: {fileID: 82786459, guid: e743331561ef77147ae48cda9bcb8209, type: 3}
  m_Name: 
  m_EditorClassIdentifier: 
  TargetFSMs: []
--- !u!1001 &8950344617250444352
PrefabInstance:
  m_ObjectHideFlags: 0
  serializedVersion: 2
  m_Modification:
    m_TransformParent: {fileID: 4597772524512111277}
    m_Modifications:
    - target: {fileID: -927199367670048503, guid: e6111d8f8061b5046b1505da8b5c52c1,
        type: 3}
      propertyPath: m_Name
      value: Arrow
      objectReference: {fileID: 0}
    - target: {fileID: -4216859302048453862, guid: e6111d8f8061b5046b1505da8b5c52c1,
        type: 3}
      propertyPath: m_LocalPosition.x
      value: -0
      objectReference: {fileID: 0}
    - target: {fileID: -4216859302048453862, guid: e6111d8f8061b5046b1505da8b5c52c1,
        type: 3}
      propertyPath: m_LocalPosition.y
      value: 0
      objectReference: {fileID: 0}
    - target: {fileID: -4216859302048453862, guid: e6111d8f8061b5046b1505da8b5c52c1,
        type: 3}
      propertyPath: m_LocalPosition.z
      value: 0
      objectReference: {fileID: 0}
    - target: {fileID: -4216859302048453862, guid: e6111d8f8061b5046b1505da8b5c52c1,
        type: 3}
      propertyPath: m_LocalRotation.x
      value: 0.04293396
      objectReference: {fileID: 0}
    - target: {fileID: -4216859302048453862, guid: e6111d8f8061b5046b1505da8b5c52c1,
        type: 3}
      propertyPath: m_LocalRotation.y
      value: 0.708977
      objectReference: {fileID: 0}
    - target: {fileID: -4216859302048453862, guid: e6111d8f8061b5046b1505da8b5c52c1,
        type: 3}
      propertyPath: m_LocalRotation.z
      value: -0.70079243
      objectReference: {fileID: 0}
    - target: {fileID: -4216859302048453862, guid: e6111d8f8061b5046b1505da8b5c52c1,
        type: 3}
      propertyPath: m_LocalRotation.w
      value: -0.066319704
      objectReference: {fileID: 0}
    - target: {fileID: -4216859302048453862, guid: e6111d8f8061b5046b1505da8b5c52c1,
        type: 3}
      propertyPath: m_RootOrder
      value: 0
      objectReference: {fileID: 0}
    - target: {fileID: -4216859302048453862, guid: e6111d8f8061b5046b1505da8b5c52c1,
        type: 3}
      propertyPath: m_LocalEulerAnglesHint.x
      value: 98.88599
      objectReference: {fileID: 0}
    - target: {fileID: -4216859302048453862, guid: e6111d8f8061b5046b1505da8b5c52c1,
        type: 3}
      propertyPath: m_LocalEulerAnglesHint.y
      value: 86.66599
      objectReference: {fileID: 0}
    - target: {fileID: -4216859302048453862, guid: e6111d8f8061b5046b1505da8b5c52c1,
        type: 3}
      propertyPath: m_LocalEulerAnglesHint.z
      value: -95.234985
      objectReference: {fileID: 0}
    - target: {fileID: -4216859302048453862, guid: e6111d8f8061b5046b1505da8b5c52c1,
        type: 3}
      propertyPath: m_LocalScale.x
      value: 0.10125295
      objectReference: {fileID: 0}
    - target: {fileID: -4216859302048453862, guid: e6111d8f8061b5046b1505da8b5c52c1,
        type: 3}
      propertyPath: m_LocalScale.y
      value: 0.10125295
      objectReference: {fileID: 0}
    - target: {fileID: -4216859302048453862, guid: e6111d8f8061b5046b1505da8b5c52c1,
        type: 3}
      propertyPath: m_LocalScale.z
      value: 0.10125295
      objectReference: {fileID: 0}
    m_RemovedComponents: []
  m_SourcePrefab: {fileID: 100100000, guid: e6111d8f8061b5046b1505da8b5c52c1, type: 3}
--- !u!4 &4128877048029740890 stripped
Transform:
  m_CorrespondingSourceObject: {fileID: -4216859302048453862, guid: e6111d8f8061b5046b1505da8b5c52c1,
    type: 3}
  m_PrefabInstance: {fileID: 8950344617250444352}
  m_PrefabAsset: {fileID: 0}
